<record><leader>00000cas a22000007a 4500</leader><controlfield tag="001">13995019</controlfield><controlfield tag="008">860731d18641868nvucr ne      0    0eng d</controlfield><datafield ind1=" " ind2=" " tag="010"><subfield code="a">sn 86076346 </subfield></datafield><datafield ind1=" " ind2=" " tag="040"><subfield code="a">NNX</subfield><subfield code="b">eng</subfield><subfield code="c">NNX</subfield><subfield code="d">CNK</subfield><subfield code="d">OCLCQ</subfield><subfield code="d">OCLCF</subfield><subfield code="d">OCLCO</subfield></datafield><datafield ind1="1" ind2=" " tag="029"><subfield code="a">AU@</subfield><subfield code="b">000024500474</subfield></datafield><datafield ind1=" " ind2=" " tag="042"><subfield code="a">msc</subfield></datafield><datafield ind1=" " ind2=" " tag="043"><subfield code="a">n-us-nv</subfield></datafield><datafield ind1="0" ind2="4" tag="245"><subfield code="a">The Esmeralda union.</subfield></datafield><datafield ind1=" " ind2=" " tag="260"><subfield code="a">Aurora, N.T. [Nev.] :</subfield><subfield code="b">Hatch &amp; Co.,</subfield><subfield code="c">1864-1868.</subfield></datafield><datafield ind1=" " ind2=" " tag="300"><subfield code="a">6 v.</subfield></datafield><datafield ind1=" " ind2=" " tag="310"><subfield code="a">Weekly,</subfield><subfield code="b">-Oct. 3, 1868</subfield></datafield><datafield ind1=" " ind2=" " tag="321"><subfield code="a">Three times a week,</subfield><subfield code="b">Nov. 14, 1864-Jan. 4, 1865</subfield></datafield><datafield ind1=" " ind2=" " tag="321"><subfield code="a">Semiweekly,</subfield><subfield code="b">Jan. 7, 1865-</subfield></datafield><datafield ind1="0" ind2=" " tag="362"><subfield code="a">Vol. 2, no. 202 (Nov. 14, 1864)-v. 7, no. 9 (Oct. 3, 1868).</subfield></datafield><datafield ind1=" " ind2=" " tag="500"><subfield code="a">Publisher: &lt;Nov. 23, 1867&gt;-Oct. 3, 1868, J.W. Avard.</subfield></datafield><datafield ind1=" " ind2=" " tag="515"><subfield code="a">Suspended July-Nov. 1867.</subfield></datafield><datafield ind1=" " ind2="0" tag="651"><subfield code="a">Aurora (Nev.)</subfield><subfield code="v">Newspapers.</subfield></datafield><datafield ind1=" " ind2="7" tag="655"><subfield code="a">Newspapers.</subfield><subfield code="2">fast</subfield><subfield code="0">(OCoLC)fst01423814</subfield></datafield><datafield ind1=" " ind2="7" tag="651"><subfield code="a">Nevada</subfield><subfield code="z">Aurora.</subfield><subfield code="2">fast</subfield><subfield code="0">(OCoLC)fst01223242</subfield></datafield><datafield ind1=" " ind2=" " tag="752"><subfield code="a">United States</subfield><subfield code="b">Nevada</subfield><subfield code="c">Esmeralda</subfield><subfield code="d">Aurora.</subfield></datafield><datafield ind1=" " ind2=" " tag="752"><subfield code="a">United States</subfield><subfield code="b">Nevada</subfield><subfield code="c">Mineral</subfield><subfield code="d">Aurora.</subfield></datafield><datafield ind1="0" ind2="0" tag="780"><subfield code="t">Esmeralda daily union</subfield><subfield code="w">(DLC)sn 84022038</subfield><subfield code="w">(OCoLC)10266143</subfield></datafield></record>